%% This BibTeX bibliography file was created using BibDesk.
%% http://bibdesk.sourceforge.net/


%% Created for ??????? ??????? at 2005-03-28 23:55:04 +0300 


%% Saved with string encoding ASCII (TeX) 



@article{Ritch74,
	Author = {Dennis M. Ritchie and Ken Thompson},
	Date-Added = {2005-02-11 12:11:13 +0200},
	Date-Modified = {2005-02-16 15:27:43 +0200},
	Journal = {Communications of the ACM},
	Number = {7},
	Pages = {365--375},
	Title = {The {UNIX} time-sharing system},
	Volume = {17},
	Year = {1974}}

@book{Steph03,
	Author = {Stephen G. Kochan and Patrick Wood},
	Date-Added = {2005-03-28 20:34:16 +0300},
	Date-Modified = {2005-03-28 20:36:21 +0300},
	Edition = {3rd},
	Month = {February},
	Publisher = {Sams Publishing},
	Title = {Unix Shell Programming},
	Year = {2003}}

@url{JDKdoc,
	Author = {Sun Microsystems},
	Date-Added = {2005-03-04 11:48:39 +0200},
	Date-Modified = {2005-03-04 11:51:06 +0200},
	Note = {http://java.sun.com/j2se/1.4.2/download.html#docs},
	Title = {Path to the JDK documentation download},
	Urldate = {2005}}

@book{Debra04,
	Author = {Debra Cameron and James Elliott and Marc Loy},
	Date-Added = {2005-02-27 20:57:53 +0200},
	Date-Modified = {2005-02-27 20:58:45 +0200},
	Month = {3rd},
	Publisher = {O'Reilly},
	Title = {Learning GNU Emacs},
	Year = {2004}}

@book{Dough97,
	Author = {Dale Dougherty and Arnold Robbins},
	Date-Added = {2005-02-27 11:35:48 +0200},
	Date-Modified = {2005-03-28 21:04:07 +0300},
	Edition = {2nd},
	Month = {March},
	Publisher = {O'Reilly and Associates},
	Title = {sed and awk},
	Year = {1997}}

@book{Shell02,
	Author = {Shelley Powers and Jerry Peek and Tim O'Reilly and Mike Loukides},
	Date-Added = {2005-02-27 11:38:50 +0200},
	Date-Modified = {2005-03-28 21:03:38 +0300},
	Month = {October},
	Publisher = {O' Reilly and Associates},
	Title = {Unix Power Tools},
	Year = {2002}}

@book{Robbi03,
	Author = {Linda Lamb and Arnold Robbins},
	Date-Added = {2005-02-27 11:29:11 +0200},
	Date-Modified = {2005-02-27 11:49:29 +0200},
	Edition = {6th},
	Month = {November},
	Publisher = {O' Reilly and Associates},
	Title = {Learning the vi Editor},
	Volume = {The Unix CD bookshelf},
	Year = {1998}}

@book{Raymo03,
	Author = {Eric S. Raymond},
	Date-Added = {2005-02-16 16:14:26 +0200},
	Date-Modified = {2005-02-16 16:16:20 +0200},
	Note = {http://www.faqs.org/docs/artu/},
	Publisher = {Addison-Wesley},
	Title = {The Art of Unix Programming},
	Year = {2003}}

@techreport{Garre03,
	Author = {Machtelt Garrels},
	Date-Added = {2005-02-16 15:41:25 +0200},
	Date-Modified = {2005-02-16 15:58:57 +0200},
	Institution = {CoreSequence.com},
	Note = {http://www.faqs.org/docs/linux\_intro/},
	Title = {Introduction to {L}inux: A Hands on Guide},
	Year = {2003}}

@book{Kernighan99,
	Author = {B. W. Kernighan and R. Pike},
	Publisher = {Addison-Wesley},
	Title = {The Practice of Programming},
	Year = {1999}}

@book{Rehma03,
	Address = {Upper Saddle River, New Jersey 07458},
	Author = {Rafeeq Ur Rehman and Christopher Paul},
	Date-Added = {2005-02-16 15:45:30 +0200},
	Date-Modified = {2005-02-16 16:00:59 +0200},
	Note = {http://www.faqs.org/docs/ldev/},
	Publisher = {Prentice Hall PTR},
	Series = {Bruce Perens Open Source series},
	Title = {The Linux Development Platform},
	Url = {http://www.faqs.org/docs/ldev/},
	Year = {2003}}

@book{Kernighan84,
	Author = {B. W. Kernighan and R. Pike},
	Publisher = {Prentice-Hall, Inc.},
	Title = {The Unix Programming Environment},
	Year = {1984}}

@misc{Vario,
	Date-Added = {2005-02-16 15:48:39 +0200},
	Date-Modified = {2005-02-16 16:00:05 +0200},
	Note = {http://www.tldp.org},
	Title = {The Linux Documentation Project},
	Url = {http://www.tldp.org},
	Urldate = {2005}}

@book{Kernighan88,
	Author = {B. W. Kernighan and D. M. Ritchie},
	Publisher = {Prentice-Hall},
	Title = {The C Programming Language, 2nd edition},
	Year = {1988}}